

@incollection{ hello,
year={2013},
isbn={978-3-642-41574-6},
booktitle={Algorithmic Decision Theory},
volume={8176},
series={Lecture Notes in Computer Science},
editor={Perny, Patrice and Pirlot, Marc and Tsoukiàs, Alexis},
doi={10.1007/978-3-642-41575-3_18},
title={Judgment Aggregation Rules and Voting Rules},
url={http://dx.doi.org/10.1007/978-3-642-41575-3_18},
publisher={Springer Berlin Heidelberg},
author={Lang, Jérôme and Slavkovik, Marija},
pages={230-243},
language={English}
}
